@misc{moreno_automated_2015,
	howpublished = {University of Puget Sound},
	title = {Automated {Extraction} of {Mouse} {Vocalizations} from {Noisy} {Recordings}},
	author = {Moreno, Matthew},
	month = sep,
	year = {2015}
}

@misc{moreno_mathematical_2015,
	howpublished = {University of Puget Sound},
	title = {Mathematical {Contest} in {Modeling}: {Eradicating} {Ebola}},
	author = {Moreno, Matthew},
	month = may,
	year = {2015}
}

@misc{moreno_modeling_2016,
	howpublished = {Mathematical Biosciences Institute at The Ohio State University},
	title = {Modeling the {Collective} {Behavior} of {Ants} on {Uneven} {Terrain}},
	author = {Moreno, Matthew},
	month = aug,
	year = {2016}
}

@misc{hanscam_relieving_2016,
	title = {Relieving the {Space} {Jam}: {Assessment} of a {Quick}-{Response} {Satellite} {Mission} to {Neutralize} {Debris} from {Orbital} {Fragmentation} {Events}},
	author = {Hanscam, Becky and Moreno, Matthew and Spring, Caleb},
	month = feb,
	year = {2016}
}

@misc{moreno_relieving_2016,
	howpublished = {University of Puget Sound},
	title = {Relieving the {Space} {Jam}: {Assessment} of a {Quick}-{Response} {Satellite} {Mission} to {Neutralize} {Debris} from {Orbital} {Fragmentation} {Events}},
	author = {Moreno, Matthew and Hanscam, Becky},
	month = apr,
	year = {2016}
}

@misc{moreno_screening_2011,
	howpublished = {University of Portland},
	title = {Screening for {NERDs} in {Arabidopsis} thaliana},
	author = {Moreno, Matthew},
	month = aug,
	year = {2011}
}
